02RETORNO01COBRANCA       00000000000004950705SOBIERAY E SOBIERAY LTDA      237BRADESCO       2509190000000000576                                                                                                                                                                                                                                                                          250919         000001
10217080954000154   00090316100001589                                 000073408426                          022409193                             091019000000000020000004143  000000000000000000000000000000000000000000000000000000000000000000000000000000000000000000000000000000000000000000000   000000                 0000000000                                                                  000002
10217080954000154   00090316100001589                                 000073408442                          022409193                             091019000000000010000004143  000000000000000000000000000000000000000000000000000000000000000000000000000000000000000000000000000000000000000000000   000000                 0000000000                                                                  000003
10217080954000154   00090316100001589                                 000073408450                          022409193                             091019000000000010000004143  000000000000000000000000000000000000000000000000000000000000000000000000000000000000000000000000000000000000000000000   000000                 0000000000                                                                  000004
10217080954000154   00090316100001589                                 000073408426                          062409193                             091019000000000020026000001  000000000031500000000000000000000000000000000000000000000000000000000000000000000000000020000000000000000000000000000   260919                 0000000000                                                                  000005
10217080954000154   00090316100001589                                 000073408450                          062409193                             091019000000000010010400414  000000000031500000000000000000000000000000000000000000000000000000000000000000000000000010000000000000000000000000000   260919                 0000000000                                                                  000006
9201237                                                                                                                                                                                                                                                                                                                                                                                                   000007
